<?xml version="1.0" encoding="UTF-8"?><record xmlns="http://www.loc.gov/MARC21/slim" xmlns:cinclude="http://apache.org/cocoon/include/1.0" xmlns:zs="http://www.loc.gov/zing/srw/">
  <leader>00406nz  a2200133n  4500</leader>
  <controlfield tag="001">no 99047019 </controlfield>
  <controlfield tag="003">DLC</controlfield>
  <controlfield tag="005">19990702052430.4</controlfield>
  <controlfield tag="008">990701n| acannaabn          |n ana     c</controlfield>
  <datafield tag="010" ind1=" " ind2=" ">
    <subfield code="a">no 99047019 </subfield>
  </datafield>
  <datafield tag="035" ind1=" " ind2=" ">
    <subfield code="a">(OCoLC)oca05018761 </subfield>
  </datafield>
  <datafield tag="040" ind1=" " ind2=" ">
    <subfield code="a">Tx</subfield>
    <subfield code="c">Tx</subfield>
  </datafield>
  <datafield tag="110" ind1="2" ind2=" ">
    <subfield code="a">Amarillo College.</subfield>
    <subfield code="b">Business Division</subfield>
  </datafield>
  <datafield tag="670" ind1=" " ind2=" ">
    <subfield code="a">Curriculum development project, 1998:</subfield>
    <subfield code="b">t.p. (Business Division, Amarillo College; [Amarillo, Tex.])</subfield>
  </datafield>
</record>